<?xml version="1.0" encoding="UTF-8"?><collection xmlns="http://www.loc.gov/MARC21/slim"><record><leader>00356nam--2200145-i-4500</leader><controlfield tag="001">000036655</controlfield><controlfield tag="002">20161230</controlfield><controlfield tag="005">20161230201041</controlfield><controlfield tag="008">060222s1000------------r-----000-0-eng-d</controlfield><datafield ind1=" " ind2=" " tag="080"><subfield code="a">54:533.9</subfield></datafield><datafield ind1=" " ind2=" " tag="245"><subfield code="a">Plasma chemistry</subfield></datafield><datafield ind1=" " ind2=" " tag="260"><subfield code="a">Berlin, Springer-verlag, 1980, 121p</subfield></datafield><datafield ind1=" " ind2=" " tag="490"><subfield code="a">Topics In Current Chemistry</subfield></datafield><datafield ind1=" " ind2=" " tag="700"><subfield code="a">Smith, S./S.A.</subfield></datafield><datafield ind1=" " ind2=" " tag="852"><subfield code="a">45380</subfield></datafield></record></collection>